<?xml version="1.0" encoding="UTF-8"?>
<collection xmlns:xsi="http://www.w3.org/2001/XMLSchema-instance" xsi:schemaLocation="http://www.loc.gov/MARC21/slim http://www.loc.gov/standards/marcxml/schema/MARC21slim.xsd" xmlns="http://www.loc.gov/MARC21/slim">
<record>
  <leader>00652cam a22002171  4500</leader>
  <controlfield tag="001">2988152</controlfield>
  <controlfield tag="003">NNC</controlfield>
  <controlfield tag="005">20150626001829.0</controlfield>
  <controlfield tag="008">010228s1894    tu            000 0 ara d</controlfield>
  <datafield tag="035" ind1=" " ind2=" ">
    <subfield code="a">(OCoLC)ocm46344619</subfield>
  </datafield>
  <datafield tag="035" ind1=" " ind2=" ">
    <subfield code="9">ASN5460CU</subfield>
  </datafield>
  <datafield tag="035" ind1=" " ind2=" ">
    <subfield code="a">(NNC)2988152</subfield>
  </datafield>
  <datafield tag="040" ind1=" " ind2=" ">
    <subfield code="a">ZCU</subfield>
    <subfield code="c">ZCU</subfield>
  </datafield>
  <datafield tag="090" ind1=" " ind2=" ">
    <subfield code="a">BP75</subfield>
    <subfield code="b">.I93</subfield>
  </datafield>
  <datafield tag="100" ind1="0" ind2=" ">
    <subfield code="a">ʻIyāḍ ibn Mūsá,</subfield>
    <subfield code="d">1083-1149.</subfield>
  </datafield>
  <datafield tag="245" ind1="1" ind2="0">
    <subfield code="a">Kitāb al-Shifāʾ bi-taʻrīf huqūq al-Mustafā.</subfield>
  </datafield>
  <datafield tag="246" ind1="3" ind2="0">
    <subfield code="a">Shifā bi-taʻrīf huqūq al-Muṣṭafā</subfield>
  </datafield>
  <datafield tag="260" ind1=" " ind2=" ">
    <subfield code="a">[Der-Saʻādet,</subfield>
    <subfield code="b">Matbaʻa-i ʻOsmānīye,</subfield>
    <subfield code="c">1312, 1894]</subfield>
  </datafield>
  <datafield tag="300" ind1=" " ind2=" ">
    <subfield code="a">296 p.</subfield>
    <subfield code="c">20 cm.</subfield>
  </datafield>
  <datafield tag="600" ind1="0" ind2="0">
    <subfield code="a">Muḥammad,</subfield>
    <subfield code="c">Prophet,</subfield>
    <subfield code="d">-632.</subfield>
  </datafield>
  <datafield tag="955" ind1=" " ind2=" ">
    <subfield code="b">0040263827</subfield>
    <subfield code="d">glx</subfield>
    <subfield code="e">BP75 .I93</subfield>
  </datafield>
</record>
</collection>